@book{practiceofprog,
	title = {The Practice of Programming},
	author = {Brian W. Kernighan and Rob Pike},
	publisher = {Addison-Wesley Professional},
	month = {February},
	year = {1999},
	annote = {}
}
